<record><leader>00000cas a22000007a 4500</leader><controlfield tag="001">15808137</controlfield><controlfield tag="008">870604d18781884inudn ne      0    0eng d</controlfield><datafield ind1=" " ind2=" " tag="010"><subfield code="a">sn 87056052 </subfield></datafield><datafield ind1=" " ind2=" " tag="040"><subfield code="a">NPI</subfield><subfield code="b">eng</subfield><subfield code="c">NPI</subfield><subfield code="d">OCLCQ</subfield></datafield><datafield ind1=" " ind2=" " tag="042"><subfield code="a">msc</subfield></datafield><datafield ind1="0" ind2=" " tag="130"><subfield code="a">Daily journal (Logansport, Ind. : 1878)</subfield></datafield><datafield ind1="1" ind2="0" tag="245"><subfield code="a">Daily journal.</subfield></datafield><datafield ind1="3" ind2="0" tag="246"><subfield code="a">Logansport daily journal</subfield></datafield><datafield ind1=" " ind2=" " tag="260"><subfield code="a">Logansport, Ind. :</subfield><subfield code="b">[s.n.],</subfield><subfield code="c">1878-1884.</subfield></datafield><datafield ind1=" " ind2=" " tag="310"><subfield code="a">Daily (except Sun.),</subfield><subfield code="b">May 1, 1884-July 19, 1884</subfield></datafield><datafield ind1=" " ind2=" " tag="321"><subfield code="a">Daily (except Mon.),</subfield><subfield code="b">1878-Apr. 30, 1884</subfield></datafield><datafield ind1="0" ind2=" " tag="362"><subfield code="a">Vol. 3, no. 270 (Nov. 13, 1878)-v. 9, no. 173 (July 19, 1884).</subfield></datafield><datafield ind1=" " ind2=" " tag="500"><subfield code="a">Variant title: &lt;Sept. 22, 1881-Dec. 29, 1881&gt;, Oct. 8, 1882-July 29, 1883, Logansport daily journal.</subfield></datafield><datafield ind1=" " ind2=" " tag="580"><subfield code="a">Issued also in weekly edition called: Weekly journal (Logansport, Ind.).</subfield></datafield><datafield ind1=" " ind2=" " tag="752"><subfield code="a">United States</subfield><subfield code="b">Indiana</subfield><subfield code="c">Cass</subfield><subfield code="d">Logansport.</subfield></datafield><datafield ind1="1" ind2=" " tag="775"><subfield code="t">Weekly journal (Logansport, Ind.)</subfield><subfield code="w">(DLC)sn 87056051</subfield></datafield><datafield ind1="0" ind2="0" tag="780"><subfield code="t">Logansport daily journal (Logansport, Ind. : 1876)</subfield><subfield code="w">(DLC)sn 84037909</subfield></datafield><datafield ind1="0" ind2="0" tag="785"><subfield code="t">Logansport daily journal (Logansport, Ind. : 1884)</subfield><subfield code="w">(DLC)sn 87055857</subfield></datafield></record>